@article{vismara,
author = {Vismara, Philippe},
year = {1997},
month = {01},
pages = {},
title = {Union of all the Minimum Cycle Bases of a Graph.},
volume = {4},
journal = {Electr. J. Comb.}
}


@article{benoit,
author = {BeHartkenoit Gaüzère, Luc Brun, Didier Villemin},
year = {2014},
month = {06},
pages = {},
title = {Représentation des cycles d'une molécule sous forme d'hypergraphe},
journal = {Reconnaissance de Formes et Intelligence Artificielle (RFIA) 2014}
}

@article{Hartke,
author = {G. Hartke, Stephen and Radcliffe, Andrew},
year = {2013},
month = {02},
pages = {},
title = {McKays Canonical Graph Labeling Algorithm},
volume = {479},
journal = {Contemporary Mathematics book series},
doi = {10.1090/conm/479/09345}
}

@article{horton,
author = {Horton, Joseph},
year = {1987},
month = {04},
pages = {358-366},
title = {A Polynomial-Time Algorithm to Find the Shortest Cycle Basis of a Graph},
volume = {16},
journal = {SIAM J. Comput.},
doi = {10.1137/0216026}
}

@inproceedings{golynski2002polynomial,
  title={A polynomial time algorithm to find the minimum cycle basis of a regular matroid},
  author={Golynski, Alexander and Horton, Joseph D},
  booktitle={Scandinavian Workshop on Algorithm Theory},
  pages={200--209},
  year={2002},
  organization={Springer}
}

@article{berger2004minimum,
  title={Minimum cycle bases for network graphs},
  author={Berger, Franziska and Gritzmann, Peter and de Vries, Sven},
  journal={Algorithmica},
  volume={40},
  number={1},
  pages={51--62},
  year={2004},
  publisher={Springer}
}

@inproceedings{kavitha2004faster,
  title={A faster algorithm for minimum cycle basis of graphs},
  author={Kavitha, Telikepalli and Mehlhorn, Kurt and Michail, Dimitrios and Paluch, Katarzyna},
  booktitle={International Colloquium on Automata, Languages, and Programming},
  pages={846--857},
  year={2004},
  organization={Springer}
}

@article{LeeJoon,
author = {Joon Lee, Chang and Kang, Young-Mook and Cho, Kwang-Hwi and No, Kyoung Tai},
year = {2009},
month = {09},
pages = {17355-8},
title = {A robust method for searching the smallest set of smallest rings with a path-included distance matrix},
volume = {106},
journal = {Proceedings of the National Academy of Sciences of the United States of America},
doi = {10.1073/pnas.0813040106}
}

@article{Zamora,
author = {Zamora, Antonio},
year = {1976},
month = {02},
pages = {40-43},
title = {An Algorithm for Finding the Smallest Set of Smallest Rings},
volume = {16},
journal = {Journal of Chemical Information and Computer Sciences},
doi = {10.1021/ci60005a013}
}

@article{Qian,
author = {Qian, Cheng and Fisanick, William and E. Hartzler, Dale and W. Chapman, Steven},
year = {1990},
month = {05},
pages = {105-110},
title = {Enhanced algorithm for finding the smallest set of smallest rings},
volume = {30},
journal = {Journal of Chemical Information and Computer Sciences},
doi = {10.1021/ci00066a002}
}
@article{McKay201494,
title = "Practical graph isomorphism, \{II\} ",
journal = "Journal of Symbolic Computation ",
volume = "60",
number = "0",
pages = "94 - 112",
year = "2014",
note = "",
issn = "0747-7171",
doi = "http://dx.doi.org/10.1016/j.jsc.2013.09.003",
url = "http://www.sciencedirect.com/science/article/pii/S0747717113001193",
author = "Brendan D. McKay and Adolfo Piperno"
}

@article{dixon2001one,
  title={One-dimensional molecular representations and similarity calculations: methodology and validation},
  author={Dixon, Steven L and Merz, Kenneth M},
  journal={Journal of Medicinal Chemistry},
  volume={44},
  number={23},
  pages={3795--3809},
  year={2001},
  publisher={ACS Publications}
}

@article{downs1994similarity,
  title={Similarity searching and clustering of chemical-structure databases using molecular property data},
  author={Downs, Geoffrey M and Willett, Peter and Fisanick, William},
  journal={Journal of Chemical Information and Computer Sciences},
  volume={34},
  number={5},
  pages={1094--1102},
  year={1994},
  publisher={ACS Publications}
}
@article{bajusz2015tanimoto,
  title={Why is Tanimoto index an appropriate choice for fingerprint-based similarity calculations?},
  author={Bajusz, D{\'a}vid and R{\'a}cz, Anita and H{\'e}berger, K{\'a}roly},
  journal={Journal of cheminformatics},
  volume={7},
  number={1},
  pages={20},
  year={2015},
  publisher={Nature Publishing Group}
}

@article{rascal,
author = {W. Raymond, John and Gardiner, Eleanor and Willett, Peter},
year = {2002},
month = {04},
pages = {631-644},
title = {RASCAL: Calculation of Graph Similarity using Maximum Common Edge Subgraphs.},
volume = {45},
journal = {Comput. J.}
}
@book{dean2012molecular,
  title={Molecular similarity in drug design},
  author={Dean, Philip Michael},
  year={2012},
  publisher={Springer Science \& Business Media}
}

@inproceedings{bero2017similarity,
  title={Similarity measure for molecular structure: a brief review},
  author={Bero, SA and Muda, AK and Choo, YH and Muda, NA and Pratama, SF},
  booktitle={Journal of Physics: Conference Series},
  volume={892},
  number={1},
  pages={012015},
  year={2017},
  organization={IOP Publishing}
}

@article{shin2015three,
  title={Three-dimensional compound comparison methods and their application in drug discovery},
  author={Shin, Woong-Hee and Zhu, Xiaolei and Bures, Mark and Kihara, Daisuke},
  journal={Molecules},
  volume={20},
  number={7},
  pages={12841--12862},
  year={2015},
  publisher={Multidisciplinary Digital Publishing Institute}
}

@article{barbosa,
author = {Barbosa, Frédérique and Horvath, Dragos},
year = {2004},
month = {02},
pages = {589-600},
title = {Molecular Similarity and Property Similarity},
volume = {4},
journal = {Current topics in medicinal chemistry},
doi = {10.2174/1568026043451186}
}